
@article {Roe1999,
   author = {Roe, G.H. and Allen, M.R.},
   title = {A comparison of competing explanations for the 100,000-yr ice age cycle},
   journal = {Geophysical {R}esearch {L}etters},
   pages = {2259-2262},
   volume = {26},
   issue = {15},
   year = {1999}
}


@phdthesis{Carson2014,
	author = {Jake Carson},
	school = {University of Nottingham},
	title = {Uncertainty Quantification in Palaeoclimate Reconstruction},
	year = {2014}
	}

@article {Tavare1997,
   author = {Tavar\'{e}, S. and Balding, D.J. and Griffith, R.C. and Donnelley, P.},
   title = {Inferring coalescence times from DNA sequence data},
   journal = {Genetics},
   pages = {505-518},
   volume = {145},
   issue = {2},
   year = {1997}
}

@article {Pritchard1999,
   author = {Pritchard, J.K. and Seielstad, M.T. and Perez-Lezaun, A. and Feldman, M.T.},
   title = {Population growth of human {Y} chromosomes: a study of {Y} chromosome microsatellites},
   journal = {Molecular {B}iology and {E}volution},
   pages = {1791-1798},
   volume = {16},
   issue = {12},
   year = {1999}
}

@article{Marjoram2003,
   author = {Marjoram, P. and Molitor, J. and Plagnol, V. and Tavar\'{e}, S.},
   title = {Markov chain {M}onte {C}arlo without likelihoods},
   journal = {Proceedings of the {N}ational {A}cademy of {S}ciences of the {U}nited {S}tates of {A}merica},
   pages = {15324-15328},
   volume = {100},
   issue = {26},
   year = {2003}
   }
   
@article{Sisson2007,
   author = {Sisson, S.A. and Fan, Y. and Tanaka, M.M.},
   title = {Sequential {M}onte {C}arlo without likelihoods},
   journal = {Proceedings of the National Academy of Sciences of the United States of America},
   pages = {1760-1765},
   volume = {104},
   issue = {6},
   year = {2007}
}

@article{Sisson2009,
   author = {Sisson, S.A. and Fan, Y. and Tanaka, M.M.},
   title = {Sequential {M}onte {C}arlo without likelihoods: Errata},
   journal = {Proceedings of the National Academy of Sciences of the United States of America},
   pages = {16889-16890},
   volume = {106},
   year = {2009},
   note = {Correction to original paper}
}

@article{Beaumont2009,
   author = {Beaumont, M.A. and Cornuet, J. and Marin, J. and Robert, C.P.},
   title = {Adaptive approximate {B}ayesian computation},
   journal = {Biometrika},
   pages = {983-990},
   volume = {96},
   issue = {4},
   year = {2009}
}

@article{Beaumont2002,
   author = {Beaumont, M.A. and Zhang, W. and Balding, D.J.},
   title = {Approximate {B}ayesian computation in population genetics},
   journal = {Genetics},
   pages = {2025-2035},
   volume = {162},
   issue = {1},
   year = {2002}
}

@article{McKinley2009,
   author = {McKinley, T. and Cook, A.R. and Deardon, R.},
   title = {Inference in epidemic models without likelihoods},
   journal = {The International Journal of Biostatistics},
   pages = {24},
   volume = {5},
   issue = {1},
   year = {2009}
}

@TechReport{Wilkinson2008,
 author = {Wilkinson, R.D.},
 title = {Approximate {B}ayesian computation ({ABC}) gives exact results under the assumption of model error},
 year = {2008},
 note = {0811.3355, arXiv.org},
}

@article {Golightly2008,
   author = {Golightly, A. and Wilkinson, D.J.},
   title = {Bayesian inference for nonlinear multivariate diffusion models observed with error},
   journal = {Computational Statististics \& Data Analysis},
   pages = {1674-1693},
   volume = {52},
   issue = {3},
   year = {2008}
}

@article{Toni2009,
   author = {Toni, T. and Welch, D. and Strelkowa, N. and Ipsen, A. and Stumpf, M.P.H.},
   title = {Approximate {B}ayesian Computation scheme for parameter inference and model selection in dynamical systems},
   journal = {Journal of the Royal Society Interface},
   pages = {187-202},
   volume = {6},
   issue = {1},
   year = {2009}
}

@article{DelMoral2011,
   author = {Del Moral, P. and Doucet, A. and Jasra, A.},
   title = {An adaptive sequential {M}onte {C}arlo method for approximate {B}ayesian computation},
   journal = {Statistics and Computing},
   note = {To appear}
}

@article{DelMoral2006,
   author = {Del Moral, P. and Doucet, A. and Jasra, A.},
   title = {Sequential {Monte} {C}arlo samplers},
   journal = {Journal of the Royal Society Series B},
   pages = {411-436},
   volume = {68},
   issue = {3},
   year = {2006}
}

@article{Joyce2008,
   author = {Joyce, P. and Marjoram, P.},
   title = {Approximately sufficient statistics and {B}ayesian computation},
   journal = {Statistical Applications in Genetics and Molecular Biology},
   pages = {Article 26},
   volume = {7},
   issue = {1},
   year = {2008}
}

@article{Marin2012,
   author = {Marin, J.-M. and Pudlo, P. and Robert, C.P. and Ryder, R.},
   title = {Approximate {B}ayesian computation methods},
   journal = {Statistics and Computing},
   note = {To appear}
}

@article{Fernhead2012,
   author = {Fernhead, P. and Prangle, D.},
   title = {Constructing summary statistics for approximate {B}ayesian compuation: Semi-automatic ABC},
   journal = {Journal of the Royal Statistical Society B},
   pages = {1-28},
   volume = {74},
   issue = {3},
   year = {2012},
   note = {To appear}
}

@Book{Gamerman2006,
 title = {Markov Chain Monte Carlo: Stochastic Simulation for Bayesian Inference},
 publisher = {CRC {P}ress},
 year = {2006},
 author = {Gamerman, D. and Lopes, H.F.},
 edition = {2nd},
}

@Book{Liu2001,
 title = {Monte Carlo Strategies in Scientific Computing},
 publisher = {New {Y}ork: {S}pringer},
 year = {2001},
 author = {Liu, J.S.},
}

@article{Liu1998,
   author = {Liu, J.S. and Chen, R.},
   title = {Sequential {M}onte {C}arlo methods for Dynamic Systems},
   journal = {Journal of the American Statistical Association},
   pages = {1032-1044},
   volume = {93},
   issue = {443},
   year = {1998}
}

@article{Blum2010,
   author = {Blum, M.G.B. and Fran\c{c}ois, O.},
   title = {Non-linear regression models for approximate {B}ayesian computation},
   journal = {Statistics and Computing},
   pages = {63-73},
   volume = {20},
   issue = {1},
   year = {2010}
}

@article{Leuenberger2010,
   author = {Leuenberger, C. and Wegmann, D. and Excoffier, L.},
   title = {Bayesian computation and model selection in population genetics},
   journal = {Genetics},
   pages = {243-252},
   volume = {184},
   issue = {1},
   year = {2010}
}

@article{Durham2002,
   author = {Durham, G.B., and Gallant, R.A.},
   title = {Numerical techniques for maximum likelihood estimation of continuous-time diffusion processes.},
   journal = {Journal of Business and Economic Statistics},
   pages = {279-316},
   volume = {20},
   year = {2002}
}

@TechReport{Crucifix2011TR,
author = {Crucifix, M., and Almeida, Carlos.},
title = {Report on videoconference of 21 {O}ct 2011 : Nottingham and {LLN}},
institution = {Univerisite {C}atholique de Louvain},
year = {2011}
}

@article{Berger2004,
   author = {Berger, A. and Loutre, M.F.},
   title = {Astronomical theory of climate change},
   journal = {Journal de Physique IV},
   pages = {1-35},
   volume = {121},
   year = {2004}
}

@article{Meyers2010,
   author = {Meyers, S.R. and Hinnov, L.A.},
   title = {Northern hemisphere glaciation and the evolution of plio-pleistocene climate noise},
   journal = {Paleoceanography},
   pages = {PA3207},
   volume = {25},
   year = {2010}
}

@article{NorthGreenland2004,
   author = {North Greenland Ice Core Project members},
   title = {High-resolution record of Northern Hemisphere climate extending into the last interglacial period},
   journal = {Nature},
   pages = {147-151},
   volume = {431},
   year = {2004}
}


@article {Ruddiman1986,
   author = {Ruddiman, W.F. and Raymo, M. and McIntyre, A.},
   title = {Matuyama 41,000-year cycles - North-{A}tlantic ocean and northern-hemisphere ice sheets},
   journal = {Earth and Planetary Science Letters},
   pages = {117-129},
   volume = {80},
   issue = {1-2},
   year = {1986}
}

@article{Heinrich1988,
   author = {Heinrich, H.},
   title = {Origin and consequences of cyclic ice-rafting in the Northeast Atlantic ocean during the past 130,000 years},
   journal = {Quaternary research},
   pages = {142-152},
   volume = {29},
   year = {1988}
}

@article{Cane2006,
   author = {Cane, M.A. and Braconnot, P. and Clement, A. and Gildor, H. and Joussaume, S. and Kageyama M. and Khodri, M. and Paillard, D. and Tett, S. and Zorita, E.},
   title = {Origin and consequences of cyclic ice-rafting in the Northeast Atlantic ocean during the past 130,000 years},
   journal = {Quaternary research},
   pages = {142-152},
   volume = {29},
   year = {1988}
}

@article {Clark2006,
   author = {Clark, P.U. and Archer, D. and Pollard, D. and Blum, J.D. and Rial, J.A. and Brovkin, V. and Mix, A.C. and Pisias, N.G. and Roy, M.},
   title = {The middle Pleistocene transition: characteristics. mechanisms, and implications for long-term changes in atmospheric pCO$_2$},
   journal = {Quaternary Science Reviews},
   pages = {3150-3184},
   volume = {25},
   year = {2006}
}

@article{Dansgaard1993,
   author = {Dansgaard, W. and Johnsen, S.J. and Clausen, H.B. and Dahl-Jensen, D. and Gundestrup, N.S. and Hammer, C.U. and Hvidborg, C.S. and Steffensen, J.P. and Sveinbj\"{o}rnsdottir, A.E. and Jouzel, J. and Bond, G.},
   title = {Evidence for general instability of past climate from a 250-kyr ice-core record},
   journal = {Nature},
   pages = {218-220},
   volume = {364},
   year = {1993}
}

@article{Lisiecki2005,
   author = {Lisiecki, L.E. and Raymo, M.E.},
   title = {A Pliocene-Pleistocene stack of 57 globally distributed benthic $\delta^{18}${O} records},
   journal = {Paleoceanography},
   pages = {PA1003},
   volume = {20},
   year = {2005}
}

@article{Lisiecki2010,
   author = {Lisiecki, L.E.},
   title = {Links between eccentricity forcing and the 100,000-year glacial cycle},
   journal = {Nature {G}eoscience},
   pages = {349-352},
   volume = {3},
   year = {2010}
}

@article{Huybers2007,
   author = {Huybers, P.},
   title = {Glacial variability over the last two million years: an extended depth-derived agemodel, continuous obliquity pacing, and the Pleistocene progression},
   journal = {Quaternary Science Reviews},
   pages = {37-55},
   volume = {26},
   year = {2007}
}

@article{Huybers2011,
   author = {Huybers, P.},
   title = {Combined obliquity and precession pacing of late {P}leistocene deglaciations},
   journal = {Nature},
   pages = {229-232},
   volume = {480},
   year = {2011}
}

@article{Huybers2005,
   author = {Huybers, P. and Wunsch, C.},
   title = {Oliquity pacing of late {P}leistocene terminations},
   journal = {Nature},
   pages = {491-494},
   volume = {434},
   year = {2005}
}

@article{Berger1978a,
   author = {Berger, A.L.},
   title = {Long term variations of daily insolation and {Q}uaternary climate changes},
   journal = {Journal of Atmospheric Sciences},
   pages = {2362-2367},
   volume = {35},
   year = {1978}
}

@article{Berger1978b,
   author = {Berger, A.L.},
   title = {Long term variations of caloric insolation resulting from the {E}arth's orbital elements},
   journal = {Journal of Atmospheric Sciences},
   pages = {2362-2367},
   volume = {35},
   year = {1978}
}

@article{Huybers2008,
   author = {Huybers, P. and Tziperman, E.},
   title = {Integrated summer insolation forcing and 40,000-year glacial cycles: The perspective from an ice-sheet/energy-balance model},
   journal = {Paleoceanography},
   pages = {PA1208},
   volume = {23},
   year = {2008}
}

@article{Hays1976,
   author = {Hays, J.D. and Ibrie, J. and Shackleton, N.J.},
   title = {Variations in the {E}arth's orbit: pacemaker of the ice ages.},
   journal = {Science},
   pages = {1121-1132},
   volume = {194},
   year = {1976}
}

@article{Crucifix2013,
   author = {Crucifix, M.},
   title = {Why could ice ages be unpredictable},
   year = {2013},
   note = {1302.1492, arXiv.org}
}


@article{Saltzman1990,
   author = {Saltzman, B. and Maasch, K.A.},
   title = {A first-order global model of late {C}enozoic climate},
   journal = {Transactions of the Royal Society of Edinburgh: Earth Sciences},
   pages = {315-325},
   volume = {81},
   year = {1990}
}

@article{Saltzman1991,
   author = {Saltzman, B. and Maasch, K.A.},
   title = {A first-order global model of late {C}enozoic climate. {II} further analysis based on simplification of the $\mbox{CO}_2$ dynamics},
   journal = {Climate Dynamics},
   pages = {201-210},
   volume = {5},
   year = {1991}
}

@Book{Strogatz2000,
 title = {Nonlinear dynamics and chaos: With applications to physics, biology, chemistry, and engineering},
 publisher = {Westview {P}ress},
 year = {2000},
 author = {Strogatz, S.H.}
}

@article{Paillard2004,
   author = {Paillard, D. and Parrenin, F.},
   title = {The {A}ntarctic ice sheet and the triggering of deglaciations},
   journal = {Earth and Planetary Science Letters},
   pages = {263-271},
   volume = {227},
   year = {2004}
}

@article{Berger1991,
   author = {Berger, A. and Loutre, M.F.},
   title = {Insolation values for the climate of the last 10 million years},
   journal = {Quaternary Science Reviews},
   pages = {297-317},
   volume = {10},
   year = {1991}
}

@article{Hasselmann1976,
   author = {Hasselmann, K.},
   title = {Stochastic climate models},
   journal = {Tellus},
   pages = {473-485},
   volume = {28},
   year = {1976}
}

@article{Saltzman1984a,
   author = {Saltzman, B. and Sutera, A.},
   title = {A model of the internal feedback system involved in late quaternary climatic variations},
   journal = {Journal of the Atmospheric Sciences},
   pages = {736-745},
   volume = {41},
   year = {1984}
}

@article{Saltzman1984b,
   author = {Saltzman, B. and Hansen, A.R. and Maasch, K.A.},
   title = {The late {Q}uaternary glaciations as the response of a 3-component feedback-system to Earth-orbital forcing},
   journal = {Tellus},
   pages = {3380-3389},
   volume = {41},
   year = {1984}
}

@article{Crucifix2011,
   author = {Crucifix, M.},
   title = {How can a glacial inception be predicted?},
   journal = {The Holocene},
   pages = {831-842},
   volume = {21},
   year = {2011}
}

@article{Crucifix2012,
   author = {Crucifix, M.},
   title = {Oscillators and relaxation phenomena in {P}leistocene climate theory},
   journal = {Transactions of the {P}hilosophical {T}ransactions of the {R}oyal {S}ociety {A}},
   pages = {1140-1165},
   volume = {370},
   year = {2012}
}

@article{Hargreaves2002,
   author = {Hargreaves, J.C. and Annan, J.D.},
   title = {Assimilation of paleo-data in a simple {E}arth system model},
   journal = {Climate Dynamics},
   pages = {371-381},
   volume = {19},
   year = {2002}
}

@article{Haslett2006,
   author = {Haslett, J. and Whiley, M. and Bhattacharya, S. and Salter-Townshend, M. and Wilson, S.P. and Allen, J.R.M. and Huntley, B. and Mitchell, F.J.G.},
   title = {Bayesian palaeoclimate reconstruction},
   journal = {Journal of the Royal Statistical Society A},
   pages = {395-438},
   volume = {169},
   year = {2006}
}

@article{Crucifix2009,
   author = {Crucifix, M. and Rougier, J.},
   title = {On the use of simple dynamical systems for climate predictions},
   journal = {European Physics Journal - Special Topics},
   pages = {11-31},
   volume = {174},
   year = {2009}
}

@article{Toggweiler2008,
   author = {Toggweiler, J.R.},
   title = {Origin of the 100,000-year timescale in {A}ntarctic temperatures and atmospheric $\mbox{CO}_2$},
   journal = {Paleoceanography},
   pages = {PA2211},
   volume = {23},
   year = {2008}
}

@article{Andrieu2010,
   author = {Andrieu, C. and Doucet, A. and Holenstein, R.},
   title = {Particle {M}arkov chain {M}onte {C}arlo methods},
   journal = {Journal of the Royal Statistical Society B},
   pages = {269-342},
   volume = {72},
   year = {2010}
}

@article{Drovandi2011,
   author = {Drovandi, C.C. and Pettitt, A.N.},
   title = {Estimation of Parameters for Macroparasite Population Evolution Using Approximate {B}ayesian Computation},
   journal = {Biometrics},
   pages = {224-233},
   volume = {67},
   year = {2011}
}

@article{Chopin2012,
   author = {Chopin, N. and Jacob, P.E. and Papaspiliopoulos, O.},
   title = {{SMC}$^2$: an efficient algorithm for sequential analysis of state-space models},
   year = {2012},
   note = {1101.1528, arXiv.org},
}

@article{Luthi2008,
   author = {L\"{u}thi, D. and Le Floch, M. and Bereiter, B. and Blunier, T. and Barnola, J-M. and Siegenthaler, U. and Raynaud, D, and Jouzel, J. and Fischer, H. and Kawamura, K. and Stocker, T.F.},
   title = {High-resolution carbon dioxide concentration record 650,000-800,000 years before present},
   journal = {Nature},
   pages = {379-382},
   volume = {453},
   year = {2008}
}

@article{Channell1997,
   author = {Channell, J. and Hodell, D. and Lehman, B.},
   title = {Relative geomagnetic paleointensity and $\delta^{18}${O} at {ODP} site 983},
   journal = {Earth and Planetary Science Letters},
   pages = {103-118},
   volume = {153},
   year = {1997}
}

@article{Raymo2004,
   author = {Raymo, M.E. and Oppo, D.W. and Flower, B.P. and Hodell, D.A. and McManus, J.F. and Venz, K.A. and Kleiven, K.F. and McIntyre, K.},
   title = {Stability of {N}orth {A}tlantic water masses in face of pronounced climate variability during the {P}leistocene},
   journal = {Paleoceanography},
   pages = {PA2008},
   volume = {19},
   year = {2004}
}

@article{Tziperman2006,
   author = {Tziperman, E. and Raymo, M.E. and Huybers, P. and Wunsch, C.},
   title = {Consequences of pacing the {P}leistocene 100 kyr ice ages by nonlinear phase locking to {M}ilankovitch forcing},
   journal = {Paleoceanography},
   pages = {PA4206},
   volume = {21},
   year = {2006}
}

@article{Oerlemans1980,
   author = {Oerlemans, J.},
   title = {Model experiments on the 100,000-yr glacial cycle},
   journal = {Nature},
   pages = {430-432},
   volume = {287},
   year = {2006}
}

@article{Lindner2004,
   author = {Lindner, B. and Garc\'{i}a-Ojalvo, J. abd Neiman, A. and Schimansky-Geier, L.},
   title = {Model experiments on the 100,000-yr glacial cycle},
   journal = {Physics Reports},
   pages = {321-424},
   volume = {392},
   year = {2004}
}

@book{Jeffreys1939,
  title={The theory of probability},
  author={Jeffreys, Harold},
  year={1939},
  publisher={Oxford University Press}
}

@article{Kass1995,
   author = {Kass, R. and Raftery, A.},
   title = {Bayes factors},
   journal = {Journal of the American Statistical Association},
   pages = {773-795},
   volume = {90},
   issue = {430},
   year = {1995}
}

@article{Rougier2013,
   author = {Rougier, J.},
   title = {Opinion piece: ?{I}ntractable and unsolved?: some thoughts on statistical data assimilation with uncertain static parameters},
   journal = {Philosophical Transactions of the Royal Society A},
   pages = {20120297},
   volume = {371},
   issue = {1991},
   year = {2013}
}

@article{Gordon1993,
   author = {Gordon, N.J. and Salmond, D.J. and Smith, A.F.M.},
   title = {Novel approach to nonlinear/non-{G}aussian {B}ayesian state estimation},
   journal = {IEEE Proceedings F},
   pages = {107-113},
   volume = {140},
   issue = {2},
   year = {1993}
}

@article{Parrenin2012,
   author = {Parrenin, F. and Paillard, D.},
   title = {Terminations {VI} and {VIII} ($\sim$530 and $\sim$720 kyr {BP}) tell us the importance of obliquity and precession in the triggering of deglaciations},
   journal = {Climate of the {P}ast},
   pages = {2031-2037},
   volume = {8},
   year = {2012}
}

@article{Shackleton1990,
   author = {Shackleton, N.J. and Berger, A. and Peltier, W.R.},
   title = {An alternative astronomical calibration of the lower {P}leistocene timescale based on {ODP} site 677},
   journal = {Transactions of the {R}oyal {S}ociety of {E}dinburgh: {E}arth {S}ciences},
   pages = {251-261},
   volume = {81},
   year = {1990}
}

